2874 3736
74 448 82 455 ,,
100 402 549 450 --‘1³flffi20
576 397 759 448 colunum
803 408 926 447 τοῦτο
962 404 1238 455 Πλούταρχος.
1304 406 1571 454 Θεμιστοκλέα
1609 403 1695 454 γάρ
1735 414 1863 455 φησιν
1899 401 1928 454 ἢ
1961 402 2140 444 Κάτωνα
2171 403 2458 454 πιπράσκοντα
2482 404 2559 447 τόν

0 509 65 557 ²³?
110 492 251 552 ἆγρόν
285 499 418 547 λέγων
451 491 515 537 ὅτι
541 491 711 546 ἀγαθόν
743 499 824 544 ἔχει
848 497 1025 545 γείτονα.
1067 495 1202 536 schol.
1233 500 1313 535 ant.
1335 491 1439 535 226.
1469 491 1524 535 13
1553 495 1711 543 λέγεται
1739 489 1803 534 ὅτι
1831 496 2101 544 Θεμιστοκλῆς
2126 496 2284 544 χορίον
2311 493 2557 546 πιπράσκων

109 583 597 638 Μηρύττεσθαι
621 581 686 626 ὅτι
710 581 882 635 ἀγαθόν
909 588 990 634 ἔχει
1015 586 1191 635 γείτονα.

135 699 141 709 ι
213 674 366 720 Unde
392 674 652 717 Plutarchum
689 674 794 715 haec
822 685 985 715 narrare
1013 674 1134 715 scivit
1160 673 1337 715 Tzetza'!
1381 673 1543 714 Scilicet
1571 683 1680 722 quae
1706 678 1897 723 corrupte
1926 678 2066 713 nostra
2095 685 2194 714 mss.
2224 674 2419 725 praebent
2446 677 2550 725 λιγα-

111 776 185 808 w
202 759 287 806 ὅτε·
312 774 363 806 ea
390 764 544 815 integra
577 763 645 804 ille
677 769 771 805 ante
806 764 952 805 oculos
980 763 1124 805 habuit
1149 764 1258 813 λέγει
1284 759 1551 811 Πλούταρχος
1579 757 1654 802 ὅτι.
1665 759 1699 810 ⁶)
1730 761 1813 802 Sed
1854 762 1964 812 quod
2008 762 2118 814 apud
2148 763 2321 804 eundem
2351 764 2497 815 legitur
2524 760 2557 815 ἤ

110 850 289 898 Κάτωνα
326 854 459 906 ipsius
495 865 666 906 pravum
709 853 1025 895 additamentum
1069 857 1134 894 est
1175 863 1268 894 cum
1307 852 1474 894 Catonis
1509 863 1656 893 nomen
1696 851 1788 902 ejus
1827 852 1949 892 menti
1990 851 2218 894 inhaereret
2255 864 2280 894 e
2308 854 2440 896 schol.
2470 860 2551 896 ant.

109 938 207 994 ”5-
244 942 284 985 5.
346 944 422 986 Est
458 943 562 984 enlm
603 939 666 982 οὐ
702 944 979 983 σπουδαστέον
1016 937 1108 982 ἀλλ’
1145 938 1419 990 αὐτοσχέδιον
1455 942 1547 992 ejus
1586 943 1808 991 ἐγχείρημα
1836 937 1965 988 ὥςπερ
1996 938 2082 990 α’ρα
2121 945 2193 982 καὶ
2222 945 2359 982 ἴσασιν
2401 940 2555 983 ἔπινες

88 1029 220 1081 Υ’ἡμᾶς
245 1027 312 1073 εἰς
339 1030 412 1072 τὸν
440 1026 578 1072 ἆθλον
599 1033 753 1070 τοῦτον
781 1029 1033 1081 συνόθησαν
1060 1033 1127 1071 Tz.
1151 1028 1215 1071 12.
1235 1028 1276 1070 2.
1306 1032 1395 1081 Quo
1425 1032 1573 1071 factum
1603 1037 1669 1071 est
1695 1036 1742 1070 ut
1760 1031 1928 1081 saepius
1949 1031 1988 1069 in
2014 1041 2162 1080 gravoe
2183 1042 2341 1071 erroroe
2361 1033 2554 1072 incideret

109 1121 178 1164 ΤΖ.
208 1118 277 1164 32.
306 1120 347 1163 8.
394 1124 453 1161 ἔτι
478 1123 524 1160 δὲ
558 1124 632 1160 καὶ
659 1117 782 1160 τοῦτό
812 1129 939 1170 φησιν
966 1118 990 1159 ὁ
1018 1118 1220 1169 Πρόκλος·
1259 1122 1389 1169 δῆλον
1422 1116 1485 1160 ὅτι
1514 1116 1679 1160 ὀθνεῖον
1706 1117 1753 1158 τὸ
1783 1122 1999 1168 προοίμιον
2026 1140 2085 1148 —·
2111 1140 2166 1148 —-
2194 1123 2241 1159 ἐκ
2268 1123 2345 1160 τοῦ
2373 1120 2554 1161 πολλοὺς

108 1211 293 1259 iungar
320 1208 454 1265 τούτῳ
482 1211 543 1264 τῷ
568 1211 717 1263 βιβλίῳ
746 1186 1075 1263 ἀπροοιμιάστφ.·
1117 1221 1199 1252 non
1243 1211 1393 1251 multos
1438 1210 1513 1251 sed
1556 1221 1681 1250 unum
1710 1209 2007 1260 meiphanem
2045 1206 2370 1260 ἀπροοιμίαστον
2407 1211 2551 1252 librum

109 1299 266 1345 vidisse
294 1299 464 1343 Proclus
494 1298 613 1340 tradit
639 1295 678 1340 3.
707 1295 764 1339 20
795 1309 863 1339 ss:
910 1299 1090 1341 confudit
1127 1299 1208 1341 hoc
1234 1299 1384 1341 Tzetza
1421 1310 1514 1341 cum
1551 1299 1677 1340 altero
1720 1299 1789 1340 illo
1829 1298 1941 1350 quod
1980 1299 2093 1340 multi
2134 1299 2256 1341 obelo
2297 1300 2551 1351 prooemium

110 1389 388 1434 contuderunt.
447 1391 649 1432 Zenonem
662 1388 692 1437 ἵ)
723 1390 902 1431 ordinem
934 1400 1127 1430 versuum
1155 1385 1251 1431 293.
1281 1386 1311 1430 4
1342 1394 1599 1441 permutasse
1627 1388 1785 1429 scholia
1813 1388 1979 1440 antiqua
2006 1385 2102 1430 200.
2131 1385 2190 1430 20
2217 1390 2416 1430 referunt:
2449 1385 2553 1440 Ἀρί·

109 1487 277 1520 στιπτος
304 1482 348 1520 62>
375 1481 482 1529 λέγει
515 1474 582 1519 ἄπ’
612 1482 798 1520 ἐναντίας
827 1476 850 1519 ὃ
874 1477 1139 1523 Σωκρατικός
1167 1496 1202 1518 κ.
1233 1495 1264 1519 τ.
1295 1485 1331 1519 λ.
1375 1480 1479 1529 Quid
1491 1479 1684 1521 Szeua?
1732 1476 1828 1518 τούς
1856 1480 1899 1518 δὲ
1927 1480 2005 1518 τοῦ
2032 1476 2226 1527 Πρόκλου
2255 1477 2450 1529 Ζήνωνας
2477 1484 2550 1520 καὶ

105 1564 394 1618 Ἀριστᾶρχους
431 1571 653 1617 παρεατέον
689 1566 745 1608 ὥς
782 1565 990 1617 περιττούς
1027 1565 1122 1608 201.
1153 1566 1221 1608 23.
1290 1570 1375 1609 Nec
1414 1570 1547 1608 minus
1578 1569 1739 1618 ineptus
1780 1574 1844 1607 est
1879 1580 1971 1607 cum
2001 1566 2067 1607 72.
2106 1567 2160 1608 12
2198 1571 2467 1610 acerbissime
2509 1576 2554 1609 ut

110 1659 217 1700 solet
244 1668 335 1699 eam
366 1658 497 1698 Procli
528 1659 764 1698 sententiam
796 1658 1024 1708 perstringit
1053 1655 1210 1706 (71:27)
1240 1668 1363 1707 quam
1393 1658 1483 1707 ipse
1512 1655 1579 1696 67.
1610 1654 1637 1696 8
1667 1658 1882 1706 amplexus
1913 1662 1988 1696 est.

246 1746 330 1787 Sed
349 1752 476 1787 restat
495 1757 602 1786 unus
623 1748 740 1787 locus
760 1747 828 1787 Tz.
851 1743 945 1786 142.
966 1743 1022 1786 27
1052 1749 1141 1795 περὶ
1169 1748 1213 1785 δὲ
1240 1747 1325 1784 τῶν
1352 1748 1397 1784 ἐν
1423 1741 1616 1798 Ὠκεανῷ
1643 1743 1783 1795 νήσων
1807 1741 1989 1796 ’Όμηρος
2017 1748 2090 1786 καὶ
2119 1743 2297 1785 ὄντοσὶν
2324 1744 2347 1786 ὁ
2378 1749 2554 1788 Ησίοδος

109 1837 182 1876 καὶ
209 1832 445 1885 Λυκόφρων
473 1837 545 1875 καὶ
573 1832 842 1885 Πλούταρχος
869 1837 941 1877 καὶ
970 1831 1238 1884 Φιλόστρατος
1266 1836 1337 1875 καὶ
1365 1836 1478 1875 Δίων
1505 1836 1577 1874 καὶ
1606 1836 1738 1884 ἕτεροί
1765 1845 1865 1875 τινες
1894 1832 2292 1885 συγγεγραφήκασιν
2320 1846 2397 1863 ——·
2425 1838 2554 1877 ἐκεῖσε

109 1926 152 1965 δέ
181 1934 310 1974 φασιν
338 1941 373 1965 κ.
404 1941 436 1965 τ.
465 1931 502 1965 λ.
533 1927 603 1977 qui
633 1938 768 1977 neque
798 1927 837 1966 in
867 1926 1044 1976 antiquis
1075 1925 1243 1966 scholiis
1273 1938 1357 1976 quo
1386 1926 1582 1966 referatur
1610 1925 1734 1966 habet
1762 1933 1802 1965 et
1830 1938 1953 1977 quem
1985 1938 2008 1965 e
2029 1926 2232 1967 Plutarchi
2261 1928 2550 1968 commentario

107 2015 302 2066 haustum
331 2028 428 2057 esse
455 2018 662 2068 Wyttenb.
692 2018 717 2057 1.
749 2019 772 2056 Ι.
831 2018 965 2057 Welk.
996 2018 1020 2056 l.
1051 2015 1113 2064 l.⁸)
1143 2017 1447 2058 contenderunt.
1515 2017 1646 2056 Minus
1683 2025 1791 2057 recte
1828 2018 1911 2057 hoc
1939 2018 2031 2057 illos
2062 2018 2175 2057 viros
2205 2018 2353 2058 doctos
2384 2024 2551 2058 conten-

109 2105 223 2147 disse
250 2106 343 2158 ipsa
371 2107 497 2147 verba
525 2109 650 2146 ἐκεῖσε
679 2109 722 2146 δέ
748 2116 913 2156 φασιν
950 2107 1098 2148 docent
1136 2112 1176 2147 et
1215 2106 1469 2157 significasse
1499 2106 1659 2147 videtur
1686 2108 1831 2148 Tzetza
1862 2108 1932 2158 qui
1963 2112 2049 2147 erat
2077 2107 2255 2147 diffusae
2283 2113 2324 2147 et
2353 2108 2551 2147 confusae

109 2195 315 2238 doctrinae
342 2195 468 2237 homo
498 2196 757 2237 Plutarchum
787 2197 915 2237 citans
946 2197 1037 2247 ejus
1067 2197 1211 2237 librum
1241 2196 1292 2236 de
1317 2197 1403 2236 Des.
1433 2196 1550 2238 Orac.
1581 2210 1622 2247 p.
1651 2195 1736 2238 419
1773 2198 1824 2237 de
1852 2197 1945 2237 Fac.
1976 2198 2015 2236 in
2046 2197 2141 2238 Orb.
2172 2198 2269 2237 Lun.
2299 2193 2382 2237 941
2416 2209 2450 2237 c.
2482 2198 2550 2237 vit.

109 2285 212 2326 Sert.
242 2283 282 2327 9.
322 2296 443 2336 quent
479 2286 659 2336 inprimis
689 2291 857 2327 secutus
887 2286 1045 2327 videtur
1072 2286 1244 2336 Procop.
1276 2287 1372 2327 bell.
1403 2287 1522 2326 Goth.
1554 2287 1610 2340 ly
1638 2283 1743 2333 20.0)
1774 2297 1866 2326 eum
1897 2298 1948 2326 ne
1977 2287 2198 2326 nominavit
2227 2287 2405 2337 quidem.
2466 2287 2549 2327 Sed

108 2374 326 2416 deferimur
353 2375 432 2415 hac
460 2386 504 2415 re
533 2375 585 2415 ad
615 2375 778 2416 alteram
810 2376 1092 2425 quaestionem
1122 2387 1230 2425 quae
1259 2381 1322 2416 est
1351 2376 1404 2416 de
1434 2376 1670 2416 condicione
1700 2375 1949 2416 scholiorum
1979 2376 2237 2425 antiquorum
2258 2376 2401 2417 Proclo
2426 2377 2551 2427 vulgo

108 2463 362 2505 tributorum.
424 2464 518 2504 lnde
558 2465 662 2504 enim
700 2476 724 2504 a
754 2465 919 2505 Heinsio
956 2466 1025 2514 qui
1066 2466 1102 2504 in
1144 2464 1208 2504 his
1241 2464 1386 2505 studiis
1423 2465 1689 2505 versabantur
1723 2465 1853 2504 Procli
1893 2465 2050 2505 scholia
2090 2466 2271 2505 mutilata
2308 2476 2406 2505 esse
2449 2466 2551 2505 inte·

233 2650 264 2691 ⁶)
311 2651 467 2686 Ceterum
497 2651 605 2694 ipsum
628 2651 694 2684 hoc
723 2652 846 2685 dictum
870 2651 1103 2685 Themistoclis
1130 2652 1251 2695 legitur
1273 2652 1362 2685 Plut.
1389 2652 1506 2685 Them.
1533 2654 1584 2685 18.
1622 2645 1723 2682 ἴδιος
1752 2644 1794 2681 δέ
1824 2654 1880 2681 τις
1919 2645 1963 2682 ἐν
2004 2644 2104 2683 πᾶσι
2144 2641 2396 2691 βουλόμενος
2437 2639 2552 2684 ε’τναι

312 2721 468 2769 χωρίον
496 2722 569 2768 μὲν
597 2718 835 2769 πικράσκων
862 2722 1017 2760 ἐκέλευε
1045 2718 1256 2771 κηρύττειν
1284 2717 1348 2761 ὅτι
1374 2724 1445 2761 καὶ
1472 2723 1638 2770 γείτονα
1665 2720 1843 2771 χρηστὸν
1872 2725 1962 2769 ἔχει.

244 2830 272 2872 ⁷)
317 2832 460 2867 Zenonis
483 2842 605 2865 nomen
627 2833 727 2868 etiam
750 2842 892 2876 reponas
915 2832 1019 2867 schol.
1043 2833 1173 2876 Theog.
1188 2834 1265 2874 477,
1295 2837 1317 2867 8
1361 2821 1462 2871 χάος
1496 2825 1602 2872 λέγει
1643 2820 1716 2862 τόν
1750 2825 1971 2872 κεχυμένον
2014 2819 2135 2873 ἀέρα·
2185 2827 2257 2863 καὶ
2295 2822 2380 2873 γὰρ
2409 2823 2552 2875 Ζήνων

312 2896 552 2950 (Ζηνόδοτος
579 2898 685 2953 vulg)
723 2896 865 2939 σ”υτως
892 2902 1017 2950 φησί·
1053 2909 1094 2944 cf,
1117 2911 1160 2945 ib.
1191 2909 1235 2946 13
1263 2899 1405 2952 Ζήνων
1441 2904 1484 2942 δὲ
1521 2899 1544 2941 ὁ
1573 2902 1764 2943 Στωϊκὸς
1798 2905 1870 2943 καὶ
1898 2904 1976 2943 τοῦ
2004 2899 2146 2952 ὑγροῦ
2173 2900 2249 2953 τὴν
2276 2900 2552 2955 ὑποστάθμην

313 2982 396 3031 γῆν
431 2980 683 3030 γεγενῆσθαί
719 2987 869 3028 φησιν·
904 2987 983 3023 482.
1005 2988 1030 3023 4
1070 2977 1092 3019 ὅ
1132 2977 1274 3031 Ζήνων
1311 2984 1413 3033 φησὶ
1450 2979 1546 3021 τούς
1584 2983 1749 3022 τιτᾶνας
1783 2980 1856 3022 διὰ
1884 2980 2036 3023 παντὸς
2064 2977 2264 3032 εἰρῆσθαι
2293 2979 2345 3022 τὰ
2375 2989 2551 3032 στοιχεῖα

313 3060 391 3098 τοῦ
417 3055 595 3108 κόσμου.
623 3067 702 3103 484.
724 3066 757 3101 2.
796 3054 939 3107 Ζήνων
976 3060 1020 3098 δὲ
1048 3055 1173 3099 πάλιν
1200 3061 1488 3109 φυσικωτέρως
1524 3057 1597 3099 τὰς
1636 3062 1882 3110 ἐγκυκλίους
1920 3060 2056 3111 φορὰς
2094 3062 2289 3111 εἰρῆσθαί
2324 3070 2426 3111 φησι
2463 3084 2553 3115 qnae

314 3137 426 3172 omnia
448 3137 589 3171 eundem
611 3143 780 3171 auctorem
802 3138 956 3181 produnt.
2175 3136 2183 3142 '

236 3223 268 3267 ⁸)
313 3227 355 3261 cf.
377 3227 499 3261 Lauer.
521 3229 624 3262 Liter.
646 3227 767 3262 Naehl.
793 3227 820 3260 1.
843 3229 919 3260 314.

235 3314 268 3357 ⁹)
313 3316 356 3350 σί.
377 3316 495 3351 Oeam.
519 3318 562 3350 de
583 3317 695 3359 navig.
717 3323 801 3350 extr.
824 3316 888 3350 col.
910 3316 1009 3350 Herc.
1035 3319 1063 3349 1.
1088 3320 1119 3349 3.
