2874 3736
272 449 482 501 grioribus
510 449 698 493 Tzetzam
727 456 827 488 esse
853 455 979 486 usum
1006 444 1302 493 docuemntm)
1331 447 1450 498 Quod
1485 448 1522 488 si
1551 452 1760 490 constaret
1785 452 1897 489 recte
1923 447 2138 489 'rzetziana
2166 444 2406 489 scholia-ad

270 538 475 584 Plutarchi
504 517 838 579 commentarium
867 535 1052 576 adhiberi
1080 545 1202 577 nemo
1231 541 1406 587 negaret.
1465 537 1550 578 Sed
1577 548 1647 579 res
1677 548 1802 579 secus
1830 537 1967 579 habet.

406 639 595 679 Proclum
624 637 793 688 Lycium
824 637 863 675 in
892 635 1063 676 Hesiodi
1093 636 1227 686 Opera
1267 641 1308 676 et
1335 636 1432 676 Dies
1470 638 1804 677 commentarium
1845 636 2149 687 conscripsisse
2176 635 2329 678 Suidas
2358 647 2392 678 s.
2424 648 2464 678 v.
2486 634 2764 682 aanor&
2820 643 2874 696 “2³ss

269 726 476 778 Πρόκλος·
499 724 523 766 ὃ
552 723 703 765 Λύκιος
733 723 920 775 μαθητὴς
947 727 1169 775 Συριανοῠ
1196 721 1403 776 ἀκουστὴς
1431 728 1475 765 0>
1512 729 1584 765 ‚aa
1612 723 1886 775 ωοωάρχου
1920 727 2000 765 ωυ-
2025 726 2253 774 Νισωριου
2287 726 2367 764 τοῦ
2392 722 2632 774 meam,
2658 723 2737 766 ...s-
2774 719 2798 732 ··
2865 705 2874 771 ζ

272 814 412 858 αὐτὸς
440 813 676 866 φιλόσοφος
694 812 978 854 Πλατωνικός·
1007 809 1138 854 οὐτος
1167 816 1343 865 προέστη
1363 816 1441 880 τῆσ
1459 818 1505 855 ἐν
1539 811 1731 865 Ἀθήναις
1750 813 1991 865 φιλοσόφου
2021 816 2172 865 σχολῆς
2190 834 2247 843 -
2266 817 2423 864 ἔγραφε
2449 811 2563 854 πάνυ
2590 804 2749 854 noffl³
2807 807 2831 816 ”
2858 811 2860 813 ’

271 905 490 958 φιλόσοφα
528 907 601 945 καὶ
636 902 913 955 γραμματικά.
940 902 1188 955 ’Υπόμνημα
1223 907 1279 945 ἐις
1307 901 1410 945 ὅλον
1441 902 1639 957 Ὅμηρον.
1675 903 1923 956 “Υπόμνημα
1950 902 2016 944 εἰς
2049 901 2245 944 Ἠσιόδου
2275 900 2409 954 Ἔργα
2447 906 2522 943 καί
2541 901 2748 963 Ἡμέρας(Ι
2808 888 2830 950 f·
2859 915 2869 926 ²

270 997 355 1041 Sed
396 1007 506 1049 quae
545 995 702 1038 scholia
739 995 865 1037 hodie
905 996 984 1036 sub
1013 996 1146 1037 Procli
1183 997 1346 1037 nomine
1381 997 1562 1038 feruntur
1599 997 1762 1037 minime
1800 1007 1851 1036 ea
1885 997 2020 1036 omnia
2053 996 2264 1036 Procliana
2297 1006 2396 1036 esse
2428 995 2514 1046 ,iam
2543 993 2728 1035 Rarum

268 1087 586 1129 demonstravit:
619 1097 872 1137 quamquam
903 1086 940 1125 is
969 1086 1141 1126 resectis
1171 1086 1232 1126 eis
1263 1085 1433 1127 scholiis
1463 1097 1571 1137 quae
1603 1087 1748 1127 vocula
1778 1081 1919 1125 ἄλλως
1946 1074 2083 1126 addita
2113 1090 2206 1126 sunt
2233 1085 2365 1126 Procli
2394 1082 2728 1126 commentarium
2741 1081 2767 1128 ’ἓ
2823 1117 2874 1179 ,ἶ

268 1178 426 1218 restitui
464 1187 595 1227 posse
634 1182 787 1215 temere
825 1176 991 1225 putavit.
1051 1175 1154 1214 Illud
1191 1175 1296 1215 enim
1327 1170 1467 1213 ἄλλως
1504 1176 1749 1225 saepissime
1779 1175 1949 1214 librariis
1979 1174 2151 1214 debetur
2178 1174 2249 1225 qui
2278 1175 2610 1215 commentarium
2629 1172 2727 1215 dis·
2845 1151 2857 1233 ⁵-

267 1268 491 1318 cerpebant
530 1272 575 1305 ut
604 1277 714 1316 quae
744 1265 796 1304 ad
828 1266 1014 1314 singulos
1045 1275 1192 1304 versus
1223 1265 1276 1304 ad
1307 1265 1465 1314 singula
1496 1265 1623 1304 verba
1656 1265 1898 1314 pertinerent
1926 1264 1979 1303 ibi
2012 1263 2308 1304 adscriberent:
2348 1264 2418 1304 ubi
2447 1265 2587 1315 plures
2615 1269 2729 1306 erant
2824 1245 2874 1325 ζῖξ

268 1356 563 1408 explicationes
594 1360 800 1395 contracta
830 1355 1013 1395 oratione
1043 1354 1210 1394 brevius
1240 1353 1337 1394 illud
1367 1350 1507 1393 ἄλλως
1532 1355 1803 1404 scripserunt:
1834 1353 1905 1393 ubi
1926 1364 2064 1403 margo
2089 1359 2129 1392 et
2148 1353 2261 1404 quod
2282 1353 2384 1393 inter
2402 1354 2530 1393 lineas
2550 1341 2727 1404 spatiuh
2844 1326 2874 1438 ξ

267 1452 355 1487 erat
397 1446 450 1485 ita
484 1445 571 1496 jam
601 1445 709 1485 notis
739 1449 938 1500 occupata
968 1448 1082 1484 erant
1109 1448 1154 1483 ut
1184 1444 1237 1483 nil
1267 1443 1419 1483 addere
1448 1444 1586 1484 liceret
1615 1454 1686 1483 eas
1715 1454 1766 1483 eo
1810 1444 2098 1483 transtulerunt
2126 1443 2196 1483 ubi
2226 1444 2404 1483 inserere
2433 1443 2581 1484 licebat
2607 1442 2744 1495 prae-⁷
2820 1435 2874 1489 ⁵23

265 1536 352 1576 fixo
382 1532 523 1574 ἄλλως
561 1545 586 1573 a
614 1533 953 1585 praecedentibus
992 1532 1284 1572 discernentes.
1329 1533 1387 1573 Ut
1415 1533 1558 1583 paucis
1589 1534 1787 1583 exemplis
1816 1544 1861 1572 re
1890 1533 2086 1582 defungar
2109 1531 2276 1571 afferam
2296 1529 2469 1573 408.10
2498 1536 2538 1572 oi
2565 1535 2638 1582 μὲν
2656 1541 2725 1563 -·

269 1622 428 1664 ἄλλως·
459 1621 584 1663 ἄλλοι
612 1625 655 1662 δέ
683 1632 835 1672 φασιν·
865 1620 930 1662 54.
951 1618 1007 1661 21
1039 1622 1151 1672 quod
1182 1623 1233 1661 ad
1266 1620 1332 1662 51.
1364 1620 1418 1662 13
1449 1624 1512 1662 vei
1542 1623 1595 1662 ad
1625 1621 1690 1662 50.
1722 1620 1778 1662 14
1807 1624 1987 1673 pertinet.
2018 1620 2084 1662 54.
2112 1618 2168 1663 23
2199 1622 2311 1674 quod
2341 1622 2393 1662 ad
2421 1620 2489 1663 49.
2509 1620 2566 1664 23
2594 1629 2726 1664 trans-

267 1714 478 1755 ferendum
519 1718 583 1753 est
620 1709 686 1753 78.
718 1710 744 1752 7
775 1711 888 1763 quod
922 1723 947 1751 a
977 1708 1043 1752 73.
1075 1708 1130 1752 18
1160 1712 1265 1751 male
1303 1711 1552 1763 discerptum
1584 1717 1658 1753 cst.
1719 1712 1909 1753 Concedo
1939 1712 2097 1752 Rankio
2129 1723 2256 1763 saepe
2286 1713 2325 1752 in
2355 1713 2416 1753 eis
2446 1713 2598 1764 quibus
2626 1713 2725 1754 iliud

268 1800 412 1843 ἄλλως
441 1803 669 1853 praefixum
700 1808 764 1842 est
793 1803 930 1841 inesse
960 1813 1067 1852 quae
1094 1812 1186 1841 cum
1208 1802 1268 1841 eis
1290 1813 1397 1852 quae
1417 1802 1561 1842 Proelo
1583 1802 1811 1843 tribuuntur
1832 1807 2022 1853 pugnent.
2052 1802 2180 1842 Procl.
2204 1800 2269 1842 50.
2287 1799 2353 1842 14.
2385 1803 2433 1842 cf.
2455 1798 2547 1842 ἄλλ.
2568 1800 2634 1843 51.
2657 1799 2723 1844 13.

268 1891 334 1934 54.
366 1890 433 1933 21.
493 1893 557 1932 Pr.
589 1888 656 1931 60.
672 1888 741 1931 28.
774 1891 823 1930 cs.
848 1887 941 1929 ἄλλ.
973 1887 1042 1930 61.
1074 1889 1112 1930 5.
1170 1891 1235 1931 Pr.
1267 1887 1333 1930 66.
1365 1888 1404 1930 6.
1436 1889 1501 1931 71.
1533 1889 1572 1932 9.
1601 1889 1670 1932 24.
1702 1893 1750 1931 cf.
1782 1889 1874 1930 ἄλλ.
1892 1888 1959 1931 66.
1978 1890 2032 1931 14
2060 1893 2124 1932 all.
2156 1891 2354 1931 interdum
2385 1892 2552 1948 easdem
2585 1894 2724 1935 inesse

267 1982 562 2033 explicationes
591 1980 654 2019 Pr.
684 1977 752 2019 49.
782 1977 848 2019 13.
881 1980 929 2019 cs.
952 1975 1044 2017 ἄλλ.
1076 1979 1129 2020 ib.
1150 1975 1218 2019 20.
1269 1980 1330 2019 Pr.
1361 1976 1427 2019 52.
1453 1977 1493 2019 4.
1525 1981 1573 2020 cf.
1596 1976 1688 2019 ἄλλ.
1719 1981 1770 2020 ib.
1802 1978 1839 2020 7.
1890 1981 1951 2020 Pr.
1983 1978 2050 2020 88.
2074 1978 2101 2021 9
2131 1977 2223 2019 ἄλλ.
2255 1981 2307 2020 ib.
2332 1978 2399 2021 17.
2450 1981 2511 2021 Pr.
2544 1978 2638 2024 106.
2666 1980 2721 2023 14

267 2066 363 2111 ἄλλ.
395 2070 448 2110 ib.
478 2065 547 2110 26.
610 2069 673 2110 Pr.
706 2065 800 2109 123.
832 2067 871 2109 1.
913 2065 1006 2108 ἄλλ.
1038 2069 1091 2109 ib.
1122 2066 1149 2109 9
1178 2070 1243 2109 all.
1302 2071 1357 2109 At
1388 2080 1521 2109 nonne
1560 2069 1666 2110 idem
1703 2071 1740 2109 in
1773 2070 1831 2109 eis
1863 2081 1969 2120 quae
1998 2070 2142 2111 Proclo
2183 2070 2409 2110 tribuuntur
2447 2071 2617 2112 scholiis
2654 2072 2724 2112 fit?

230 2213 233 2215 Α
271 2161 340 2200 Ad
368 2158 425 2200 45
467 2156 671 2210 πηδάλιον
704 2161 777 2207 μὲν
812 2156 917 2207 ὑπὲρ
953 2159 1119 2197 καπνοῦ
1156 2164 1354 2197 καταθεῖο
1398 2158 1527 2199 Proel.
1559 2156 1612 2199 71
1651 2159 1717 2200 fin.
1757 2158 1860 2199 hacc
1897 2147 2104 2200 adnotavit
2140 2154 2252 2198 ἀλλὰ
2291 2157 2337 2198 τὸ
2373 2156 2575 2210 πηδάλιον
2609 2156 2726 2202 ὅτοισι

266 2246 650 2298 καπνισθησόμενον
676 2254 920 2287 καταθεῖναι
947 2244 1064 2290 ἅπαξ
1090 2249 1186 2287 ποτὲ
1215 2245 1452 2287 πλεύσαντα
1479 2246 1627 2296 μόνον·
1656 2245 1878 2288 εἰώθασαν
1904 2246 1990 2298 γάρ
2018 2246 2320 2298 νεωλκῆσαντες
2348 2247 2400 2289 τὰ
2419 2247 2602 2299 πηδάλια
2620 2248 2725 2302 ὑπὲρ

267 2340 352 2377 τόν
388 2341 696 2386 καπνιᾶομένων
734 2336 1014 2387 κρεμαννύναι
1051 2335 1190 2377 τόπων
1227 2336 1574 2388 Εηρανθησὸμενα
1610 2340 1688 2377 τοῦ
1721 2336 1776 2387 μὴ
1816 2340 1940 2388 σῆψιν
1977 2335 2195 2387 ὑπομεῖναι
2229 2336 2352 2387 χάριν
2391 2341 2463 2389 τῆς
2499 2342 2725 2391 ἐγκειμένης

266 2425 412 2467 αὐτοῖς
440 2426 693 2478 ὑγρότητοςῑ
726 2429 832 2466 idem
862 2429 915 2466 ad
944 2425 1027 2467 629
1058 2426 1261 2478 πηδάλιον
1289 2426 1394 2476 ὑπὲρ
1424 2430 1590 2466 καπνοῦ
1618 2424 1904 2476 κρεμάσασθαι
1933 2442 1971 2478 p.
2003 2426 2097 2468 360.
2130 2428 2154 2468 1
2196 2430 2248 2468 de
2288 2430 2434 2469 eodem
2464 2431 2557 2470 loco
2586 2436 2725 2471 monet

265 2519 530 2569 σεσημείωται
566 2520 609 2559 δὲ
646 2516 703 2558 ὥς
742 2516 845 2567 πρὸς
874 2515 920 2557 τὸ
951 2514 1061 2557 ἄνοι’
1101 2520 1183 2558 ἐκεῖ
1223 2517 1308 2568 γάρ
1354 2519 1617 2557 κατακαῦσαι
1647 2519 1842 2568 σημαίνει.
1900 2519 1943 2558 ln
1975 2530 2012 2558 v.
2046 2517 2099 2559 18
2138 2519 2223 2570 jam
2263 2526 2347 2560 tum
2377 2520 2610 2561 dubitarunt
2637 2532 2721 2572 quo

266 2608 393 2648 verba
430 2609 555 2657 γαίης
593 2610 638 2647 ἐν
676 2603 817 2656 ῥίζῃσι
845 2609 916 2647 καὶ
946 2602 1122 2657 ἀνδράσι
1159 2607 1370 2648 referenda
1409 2612 1548 2648 essent
1593 2613 1632 2648 et
1672 2608 1841 2649 Procius
1884 2608 2048 2659 quidem
2079 2622 2119 2659 p.
2151 2606 2218 2650 50.
2251 2607 2306 2650 14
2343 2609 2393 2650 ad
2431 2610 2575 2651 Jovem
2607 2609 2723 2662 (Ζεὺς

264 2700 311 2736 ἐν
339 2694 484 2744 αἰθέρι
512 2696 662 2744 ναίων)
703 2708 751 2736 ea
791 2698 991 2747 pertinere
1031 2698 1170 2737 docet:
1218 2699 1294 2737 sed
1333 2698 1440 2737 idem
1484 2697 1657 2736 eundem
1688 2699 1823 2737 locum
1855 2711 1893 2747 p.
1925 2696 1990 2738 51.
2024 2694 2078 2738 12
2107 2699 2160 2739 ita
2191 2699 2367 2749 explicat
2395 2704 2440 2739 ut
2468 2699 2521 2740 ad
2550 2700 2731 2754 verbum,

263 2788 370 2837 θῆκε
400 2798 493 2826 eum
525 2788 593 2826 illa
623 2788 814 2826 retulisse
834 2793 1040 2837 appareat.
1085 2789 1129 2827 In
1149 2788 1361 2828 Pandoroe
1390 2789 1527 2828 fabula
1546 2785 1603 2829 40
1623 2800 1682 2828 SS.
1713 2794 1899 2828 enarrata
1929 2799 2093 2828 versum
2121 2785 2175 2829 61
2205 2791 2251 2828 ἐν
2278 2784 2311 2828 δ’
2343 2785 2573 2839 άνθρῶπου
2600 2792 2722 2839 θέμεν

264 2871 413 2925 αὐδὴν
441 2879 537 2916 cum'
567 2888 606 2917 v,
628 2874 683 2917 79
714 2878 759 2914 ἐν
778 2871 810 2914 δ’
832 2873 919 2921 ἄρα
947 2874 1096 2927 φώνην
1124 2879 1227 2927 θῆκε
1255 2879 1367 2916 θεῶν
1396 2875 1534 2928 κῆρυξ
1563 2889 1743 2929 pugnare
1772 2879 1963 2928 antiquos
1987 2880 2274 2928 grammaticos
2300 2891 2382 2920 non
2404 2881 2518 2930 rugit:
2550 2880 2720 2921 Procius

264 2965 358 3006 illos
399 2966 460 3005 sic
503 2966 721 3006 conciliare
760 2966 898 3005 studet
935 2962 1005 3007 96.
1036 2964 1090 3006 15
1127 2965 1200 3006 τὸν
1230 2963 1465 3016 ”Ηφαιστον
1503 2964 1549 3006 τό
1589 2964 1772 3017 ὄργανον
1806 2969 1980 3017 ἐροῦμεν
2014 2964 2245 3019 ὑποστῆσαι
2281 2971 2360 3009 τοῦ
2386 2966 2549 3019 ἀλόγου
2578 2966 2626 3009 δι’
2657 2963 2719 3009 οὐ

264 3051 442 3094 δύναται
463 3057 807 3109 συμφθέγγεσθαι
836 3056 897 3108 τῷ
924 3052 1061 3108 λόγῳ·
1091 3053 1164 3095 τὸν
1192 3058 1235 3096 δὲ
1251 3053 1406 3106 Ἑρμῆν
1435 3053 1557 3107 αὐτῇ
1584 3059 1732 3097 δοῦναι
1761 3055 1836 3108 τὴν
1864 3055 2038 3107 δύναμιν
2058 3057 2133 3109 τὴν
2151 3058 2409 3110 λογοειδῆ.“)
2438 3060 2513 3101 sed
2535 3060 2720 3111 ejusdem

381 3253 424 3296 ¹⁰)
470 3255 584 3290 Heius.
610 3261 679 3290 not.
703 3257 748 3290 ad
770 3256 877 3291 schol.
900 3267 933 3302 p.
960 3260 1025 3290 222
1049 3257 1150 3292 Wolf
1169 3258 1213 3292 ad
1236 3258 1316 3292 Hes.
1340 3257 1432 3293 Scut.
1457 3269 1490 3304 p.
1515 3262 1568 3293 82.
1592 3258 1746 3293 Schoem.
1770 3260 1792 3293 1.
1818 3260 1839 3293 1.
1863 3271 1896 3305 p.
1924 3263 1963 3294 19
1990 3267 2059 3295 not.
2082 3265 2136 3294 30.

197 3326 420 3432 N&RQ
466 3355 509 3390 cf.
531 3355 620 3390 Plnt.
646 3357 734 3391 Mor.
760 3359 823 3391 777
857 3369 879 3392 a
916 3346 963 3387 τὸ
998 3350 1042 3388 δὲ
1078 3351 1151 3397 μὲν
1188 3351 1320 3399 λέγειν
1359 3346 1421 3390 ὅτι
1460 3348 1538 3390 δύο
1576 3348 1702 3399 λόγοί
1734 3353 1837 3391 εἰσὶν
1877 3349 1900 3391 ὁ
1939 3354 2011 3399 μὲν
2051 3348 2286 3392 ἐνδιάθετος
2321 3348 2521 3402 ἡγεμόνος
2565 3348 2725 3402 Ἑρμοῦ

2844 3106 2874 3147 a

2850 3150 2874 3222 ι

2826 3284 2874 3437 ξ
