2874 3736
36 418 38 420 ‚
77 475 81 482 ,
112 405 120 436 ⁵⁴
179 422 401 491 ᾰέᾣξΠΒ.
423 433 488 477 10.
536 435 622 479 Nec
649 441 814 488 propter
841 436 1006 488 aliquod
1037 436 1257 477 sententiae
1284 435 1425 476 vitium
1453 434 1528 476 sed
1557 435 1653 487 quia
1683 446 1734 476 ex
1764 435 1927 476 Homeri
1954 452 1980 485 ρ
2002 431 2096 476 347.
2124 431 2221 475 1245
2259 434 2436 475 translati
2467 438 2607 474 essent

180 539 261 569 v.v.
305 523 437 577 317]ss
478 526 582 567 fines
626 527 798 577 migrare
846 526 982 577 jussit.
1053 528 1125 566 καὶ
1166 528 1314 566 τοῦτον
1354 528 1425 565 καὶ
1468 523 1539 565 τὸν
1580 527 1674 575 ἑξῆς
1716 527 2078 576 παρεμβεβλῆόθαι
2120 527 2354 575 ληφθέντας
2395 519 2480 564 α’πό
2529 524 2608 563 τοῦ

173 605 360 667 Ὀμῆρου
404 618 492 658 καὶ
525 612 791 666 Πλούταρχος
831 610 958 655 ἔικεν.
1000 612 1086 656 210
1114 617 1181 657 lin.
1244 615 1416 667 AdJecta
1459 616 1606 655 vocula
1647 617 1719 654 καὶ
1761 616 1879 655 etiam
1922 617 2024 655 alios
2068 615 2147 655 hos
2192 626 2339 655 versus
2385 614 2604 655 damnasse

179 704 466 753 edocemurfl)
524 706 773 756 Ampliorem
818 707 895 746 sibi
939 706 1118 756 flagitant
1165 706 1475 756 disputationem
1520 718 1587 744 V.v
1617 701 1758 752 376s8.
1815 706 1864 744 Et
1904 716 2049 744 versus
2086 702 2170 744 376
2209 717 2317 755 quae
2356 706 2522 755 antiqua
2564 710 2604 743 et

177 796 350 847 genuina
389 796 516 835 forma
552 806 742 846 quaeque
780 797 975 835 sententia
1010 796 1062 835 sit
1098 795 1406 836 Schoemannus
1443 795 1480 832 in
1517 795 1850 834 commentatione
1879 795 1962 833 crit.
1995 806 2031 843 p.
2062 791 2115 832 39
2146 794 2337 844 exposuit
2375 794 2602 844 eademque

177 888 243 926 est
285 888 451 935 propter
492 895 616 936 quam
660 884 900 926 Plutarchus
944 890 1102 936 poetam
1148 884 1200 925 de
1244 885 1328 924 frat.
1359 893 1436 923 am.
1466 879 1503 922 6.
1538 883 1576 923 Χ
1606 894 1643 934 p.
1673 879 1729 922 42
1757 884 1998 934 perstrinxit.
2057 877 2113 922 εὐ
2147 885 2194 932 γέ
2232 899 2292 923 τοι
2320 886 2391 923 καὶ
2421 879 2604 933 Ὄμηρος

180 975 370 1024 πεποίηκε
418 975 654 1024 Τηλέμαχον
710 976 755 1014 ἐν
811 976 1008 1028 συμφορᾷ
1062 972 1107 1014 τὸ
1164 969 1401 1022 ἀνάδελφον
1454 974 1657 1020 τιθέμενον
1697 967 1792 1012 ’ὦδε
1845 971 1928 1022 γὰρ
1986 970 2176 1023 ἡμετέρην
2227 971 2370 1023 γενεὴν
2416 970 2603 1021 μούνωσε

103 1061 109 1083 ³
178 1059 387 1116 Κρονίωνῖ
445 1060 468 1105 ό
498 1067 541 1104 δὲ
563 1061 753 1104 Ἠσίοδος
792 1060 880 1104 οὐκ
916 1059 973 1104 εὐ
1003 1070 1191 1114 παραινεῖ
1219 1064 1450 1113 μουνογενῆ
1478 1067 1606 1103 παῖδα
1633 1064 1716 1102 ταῖν
1744 1060 1947 1117 πατρῴων
1974 1065 2195 1114 ἐπίκληρον
2230 1058 2343 1103 εἰναι
2370 1066 2442 1103 καὶ
2469 1064 2602 1103 ταῦτα

178 1156 264 1195 τόν
289 1156 459 1204 μουσῶν
484 1154 667 1205 γεγονώς
693 1154 886 1206 μαθητής.
946 1156 1137 1196 Nimirum
1172 1155 1353 1195 absurda
1386 1161 1426 1195 et
1454 1155 1666 1196 liberaliter
1695 1155 1864 1195 educato
1895 1154 2057 1195 homine
2086 1155 2245 1205 indigna
2273 1154 2376 1195 haec
2406 1155 2602 1195 sententia

179 1245 305 1286 videri
344 1244 539 1286 debebat:
578 1246 715 1296 itaque
752 1245 818 1285 his
848 1246 982 1285 verbis
1014 1246 1143 1286 schol.
1173 1257 1208 1284 a.
1241 1246 1265 1285 l.
1296 1257 1333 1296 p.
1363 1241 1459 1284 237.
1492 1243 1544 1284 10
1575 1245 1708 1296 incipit
1735 1242 1887 1286 δόξειεν
1915 1241 1968 1283 ἄν
1997 1240 2148 1284 ἄτοκος
2176 1241 2198 1283 ὁ
2230 1246 2364 1292 στίχος
2390 1239 2504 1283 εἰναι
2531 1246 2603 1283 καὶ

179 1330 514 1385 ἀγανακτοῦντος
542 1330 604 1373 ὅτι
630 1336 798 1383 γέγονεν
827 1332 887 1373 οὐ
917 1332 1040 1382 μόνος
1067 1336 1127 1386 τῷ
1155 1336 1287 1384 πατρί.
1344 1335 1432 1373 Jam
1463 1335 1646 1385 sequitur
1674 1334 1873 1374 Plutarchi
1904 1335 2197 1384 interpretatio:
2241 1331 2392 1383 μήκοτε
2420 1337 2548 1383 φησὶν
2577 1332 2599 1373 ὁ

178 1421 445 1473 Πλούταρχος
481 1426 553 1463 καὶ
586 1407 773 1462 Πλάτων.
797 1426 930 1463 ἕπεται
964 1426 1023 1476 τῷ
1052 1421 1229 1477 Ἡσιόδῳ
1268 1426 1338 1462 καὶ
1373 1421 1630 1474 Ξενοκράτης
1664 1427 1735 1463 καὶ
1769 1426 2007 1472 Λυκοῦργος
2047 1421 2123 1471 πρὸ
2160 1420 2334 1462 τούτων·
2372 1419 2421 1462 ο”ι
2459 1422 2603 1462 πάντες

179 1509 311 1567 ᾆοντο
346 1517 431 1553 δεῖν
466 1516 541 1553 ἕνα
575 1511 834 1564 κληρονόμον
867 1519 1123 1553 καταλιπεῖν·
1157 1516 1228 1552 καὶ
1264 1515 1386 1552 τοῦτο
1415 1507 1466 1563 ἤν
1494 1511 1540 1553 τὸ
1569 1510 1651 1553 ὑπὸ
1675 1511 1868 1553 Ἠσιόδου
1907 1510 2134 1562 λεγόμενον.
2193 1513 2360 1553 Nescire
2399 1514 2517 1564 igitur
2555 1525 2602 1554 se

177 1602 273 1643 dicit
301 1614 350 1643 an
381 1604 629 1655 praeceperit
658 1609 778 1655 poeta
806 1615 885 1643 non
915 1608 958 1643 ut
986 1614 1092 1643 unus
1122 1603 1283 1643 omnino
1313 1603 1420 1642 filius
1450 1609 1561 1651 esset
1590 1603 1664 1643 sed
1695 1609 1738 1643 ut
1764 1613 1869 1643 unus
1900 1603 2124 1653 patrimonii
2153 1603 2274 1642 heres
2303 1608 2418 1642 esset
2446 1614 2497 1642 ne
2517 1603 2602 1642 dis-

178 1691 387 1744 pertiendo
426 1704 493 1733 res
524 1693 727 1734 familiaris
756 1689 1106 1740 diminueretur.¹⁸)
1166 1692 1276 1742 Quae
1316 1662 1584 1743 interpretatio
1615 1692 1794 1743 quodam
1825 1692 1947 1733 niodo
1980 1703 2102 1732 versu
2131 1688 2213 1732 378
2243 1691 2603 1733 commendabatur

176 1780 348 1833 γηραιὸς
375 1785 418 1822 δὲ
445 1780 590 1822 θάνοις
618 1786 754 1832 ἕτερον
783 1778 890 1823 παῖδ’
921 1764 1246 1831 ἐγκαταλείπων.·
1286 1795 1368 1834 quo
1399 1796 1489 1823 cum
1521 1784 1573 1823 de
1601 1784 1726 1823 altero
1756 1784 1838 1824 filio
1869 1789 2053 1833 ageretur
2082 1784 2151 1833 qui
2181 1784 2300 1834 quasi
2330 1783 2600 1823 subsidiarius

178 1878 291 1913 esset
328 1873 593 1913 demonstrari
632 1873 844 1913 videbatur
871 1874 1100 1921 μουνογενῆ
1127 1877 1255 1911 παῖδα
1289 1885 1369 1913 non
1408 1874 1483 1912 nisi
1514 1874 1581 1913 illo
1623 1873 1744 1914 modo
1776 1873 2059 1924 explicandum
2089 1884 2195 1912 esse.
2257 1873 2325 1913 Sic
2354 1874 2473 1913 etiam
2504 1874 2598 1913 illud

176 1963 344 2003 absurdi
373 1964 521 2003 crimen
553 1964 664 2014 quod
695 1966 818 2003 altera
847 1964 914 2002 illa
942 1964 1264 2014 interpretatione
1293 1964 1331 2002 in
1361 1969 1520 2013 poetam
1553 1964 1752 2002 ceciderat
1782 1964 1947 2003 dilutum
1981 1969 2085 2003 erat:
2118 1974 2192 2002 nec
2221 1963 2360 2003 dubito
2382 1965 2477 2015 quin
2499 1964 2601 2004 llaec

178 2057 224 2092 ut
251 2063 277 2092 a
295 2053 510 2093 Plutarcho
539 2054 717 2103 profecta
746 2053 883 2092 verbis
913 2064 1037 2103 supra
1067 2053 1282 2103 exscriptis
1311 2052 1566 2103 adjungenda
1595 2054 1674 2092 sint
1702 2051 1748 2092 τὸ
1768 2055 1811 2091 δὲ
1830 2051 2024 2101 ἑπόμενον
2045 2055 2236 2100 στιχίδιον
2256 2056 2313 2092 ἔτι
2332 2054 2492 2100 μᾶλλον
2511 2051 2601 2093 λύει

177 2139 254 2193 τὴν
280 2139 481 2193 διαβολήν
505 2138 602 2183 237.
628 2139 683 2183 21
720 2143 887 2183 resectis
917 2143 976 2182 eis
1005 2153 1112 2194 quae
1141 2142 1192 2182 de
1222 2153 1299 2183 suo
1330 2141 1552 2183 scholiasta
1580 2144 1818 2195 interposuit
1846 2137 2119 2183 δοκεῖ-οἰκον.
2177 2143 2291 2193 Quod
2324 2144 2358 2183 si
2387 2148 2495 2183 recte
2515 2144 2598 2184 dis-

167 2237 358 2284 putatum
390 2238 453 2272 est
480 2206 736 2273 Plutarchum
767 2245 840 2273 nec
870 2245 1032 2273 versum
1064 2230 1146 2273 377
1184 2234 1333 2283 legisse
1361 2245 1495 2284 neque
1524 2240 1730 2274 auctorem
1760 2246 1855 2274 esse
1885 2233 1975 2283 ejus
2004 2239 2123 2273 notae
2152 2245 2258 2283 quae
2288 2233 2416 2273 schol.
2445 2230 2540 2274 238.
2571 2232 2601 2274 4

177 2322 345 2362 traditur
372 2319 418 2361 τὸ
445 2325 488 2361 δέ
514 2338 562 2371 γε
584 2320 771 2372 εγηραιὸς
797 2326 840 2362 δὲ
868 2319 1020 2362 θάνως’
1052 2325 1365 2373 παρέγγραπτον
1394 2321 1450 2362 ὥς
1478 2319 1725 2372 ἀδιανόητον
1763 2330 1928 2376 apparet
1956 2325 2217 2373 firmaturque
2246 2335 2295 2363 eo
2327 2324 2440 2374 quod
2475 2336 2599 2374 Supra

180 2422 216 2463 p.
236 2409 266 2452 4
294 2411 346 2453 de
373 2412 545 2452 Tzetzae
574 2412 730 2454 scholio
767 2424 802 2452 a.
834 2414 858 2452 Ι.
890 2409 939 2452 o‘z
967 2416 1056 2461 περὶ
1084 2410 1272 2462 Πρόκλον
1300 2415 1371 2452 καὶ
1394 2408 1658 2462 Ἀρίσταρχον
1685 2410 1714 2464 ἢ
1740 2411 2009 2462 Πλούταρχον
2038 2409 2284 2464 ἀδιανόητον
2318 2410 2441 2452 τοῦτό
2470 2423 2600 2463 φασιν

175 2495 290 2542 εἰναι
317 2504 388 2541 καὶ
420 2499 610 2551 περισσόν
639 2504 824 2554 exposui.
884 2504 1094 2544 Praeterea
1123 2515 1220 2544 vero
1251 2505 1317 2543 illa
1351 2509 1445 2544 nota
1483 2504 1740 2543 vehementer
1769 2504 1907 2544 dubito
1937 2515 2030 2543 num
2062 2516 2158 2544 vere
2187 2504 2239 2543 ad
2268 2501 2351 2544 378
2382 2505 2596 2555 pertineat:

177 2593 248 2644 qui
282 2593 442 2645 ineptus
481 2594 558 2633 dici
598 2600 754 2644 poterat
792 2600 832 2634 et
860 2600 903 2634 ut
933 2605 1115 2645 pugnans
1155 2606 1245 2634 cum
1288 2608 1323 2634 v.
1355 2591 1437 2634 376
1466 2596 1561 2634 reici
1590 2595 1642 2634 ab
1672 2596 1731 2634 eis
1761 2596 1830 2645 qui
1861 2597 2062 2644 vulgarem
2094 2595 2133 2634 h.
2164 2607 2201 2635 v,
2232 2596 2598 2646 interpretationem

178 2683 471 2735 sequebantur:
502 2685 786 2725 inextricabilis
816 2691 854 2725 et
875 2685 993 2736 cujus
1025 2686 1219 2725 sententia
1248 2687 1334 2725 erui
1363 2697 1442 2726 non
1473 2692 1615 2736 posset
1643 2686 1719 2726 dici
1750 2697 1829 2726 non
1860 2691 2025 2736 poterat.
2071 2686 2154 2726 Sed
2184 2682 2426 2736 ἀδιανόητος
2457 2700 2492 2727 v.
2514 2684 2597 2727 377

176 2773 237 2814 eis
277 2774 404 2814 videri
432 2774 607 2815 debebat
639 2775 708 2826 qui
739 2787 776 2814 v.
807 2771 889 2815 376
918 2772 1043 2820 σώζοι
1080 2777 1260 2826 legerunt
1301 2786 1393 2816 cum
1437 2776 1654 2816 infinitivus
1678 2777 1875 2840 φερβέμεν
1918 2787 1995 2817 non
2033 2776 2203 2817 haberet
2241 2789 2324 2828 quo
2362 2778 2595 2818 referretur:

175 2864 312 2918 itaque
340 2865 529 2917 suspicor
558 2865 623 2905 illa
654 2865 776 2906 verba
811 2863 856 2905 τό
885 2867 928 2905 δέ
953 2868 1332 2916 γε-παρέγγραπτον
1360 2863 1416 2905 ὥς
1444 2862 1688 2916 ἀδιανόητον
1717 2867 1885 2918 primum
1917 2867 1966 2906 ad
2000 2879 2036 2907 v.
2066 2864 2149 2908 377
2179 2867 2383 2920 adscripta
2413 2869 2518 2908 male
2545 2869 2598 2909 ad

175 2967 214 2996 v.
243 2952 327 2997 378
354 2956 544 2997 translata
572 2966 678 2996 esse.

290 3200 334 3246 ¹¹)
378 3203 591 3237 Aristarchus
609 3209 724 3236 contra
746 3197 788 3232 Ω
809 3201 855 3236 45
878 3203 976 3237 obelo
999 3204 1126 3237 notavit
1154 3190 1215 3233 ὃτι
1243 3196 1288 3233 ἐκ
1316 3194 1399 3232 τῶν
1432 3190 1627 3232 Ἠσιόδου
1655 3193 1950 3244 μετενήνεκται·
1979 3206 2020 3240 cf.
2043 3206 2197 3241 Schoem.
2220 3213 2395 3241 comment.
2419 3218 2451 3253 p.
2474 3211 2529 3241 36.

290 3291 332 3337 ¹⁶)
377 3294 475 3329 Hanc
506 3305 607 3330 suam*
634 3294 931 3340 interpretationem
959 3295 1158 3330 Plutarchus
1186 3295 1280 3330 illum
1306 3295 1417 3331 locum
1446 3296 1497 3330 de·
1517 3295 1591 3331 frat.
1620 3306 1683 3330 am.
1701 3286 1728 3330 '6
1758 3297 1903 3332 scribens
1931 3305 1989 3332 aut
2018 3298 2139 3333 oblitus
2169 3305 2227 3333 aut
2255 3304 2449 3345 aspernatus
2479 3305 2529 3333 est
2557 3304 2594 3333 ut

375 3362 552 3397 antithesin
574 3362 666 3397 illam
687 3363 826 3397 Homeri
848 3363 1049 3406 Hesiodique
1071 3362 1224 3398 efficeret.

2328 3440 2349 3474 3
