2874 3736
16 560 19 561 ⁷
56 569 59 573 ⁷
120 609 129 613 ·
152 593 210 633 2⁴2³*
289 596 410 637 'Alter
441 594 562 636 locus
600 595 672 646 qui
714 595 754 635 in
785 593 955 636 scholiis
998 594 1174 644 antiquis
1208 603 1293 634 uon
1327 593 1452 635 habet
1479 604 1564 645 quo
1593 595 1788 635 reseratur
1815 594 1960 644 legitur
1986 588 2097 646 apud
2124 595 2316 635 Tzetzam
2344 605 2385 646 p.
2415 589 2513 633 313.
2544 589 2601 634 15

142 676 330 727 “suff-⁵1⁶
355 680 596 734 -τροχαλὸν·
637 679 971 732 κυιυφόταΰπό
1009 682 1088 721 τοῦ
1113 661 1276 729 ψύχους
1302 679 1376 721 τὸν
1401 684 1578 732 γέροντα
1604 687 1709 722 ποιεῖ
1737 713 1747 722 .
1779 713 1789 722 .
1821 713 1830 722 .
1863 713 1872 722 .
1902 683 2065 732 (lacuna
2103 683 2164 723 sic
2202 682 2405 733 explenda
2440 681 2602 722 videtur

144 768 244 818 κᾶν
263 771 320 823 μὴ
348 770 473 823 διάη).
532 774 634 812 τινὲς
661 774 706 812 δὲ
733 774 824 820 περὶ
852 772 938 810 τῶν
965 767 1187 821 προβάτων
1215 767 1338 810 σ”υτω
1377 772 1470 821 (leg.
1509 769 1651 818 τοῦτο)
1681 774 1788 819 φασὶ
1809 769 1952 810 ’πωέα
1981 767 2108 811 δ’ὅυτι
2135 768 2353 821 διάησιν
2381 766 2444 810 ὅτι
2471 771 2602 810 δασέα

153 857 272 902 ἐστιν’
300 859 378 913 τὴν
403 863 449 901 εὶ
481 849 586 911 μίαν
616 856 678 900 οὐ
707 857 904 910 κερισσὰν
931 865 1104 899 κεῖσθαι.
1121 858 1168 907 ¹⁵)
1216 861 1364 900 Tzetza
1393 860 1499 900 euim
1528 861 1699 901 aliorum
1729 861 2076 911 interpretationes
2105 860 2175 901 ubi
2206 860 2324 900 affert
2348 871 2401 901 ex
2421 860 2600 911 antiquis

153 950 324 995 scholiis
352 950 512 994 hausit:

493 1039 563 1080 Tz.
595 1037 664 1080 72.
698 1036 764 1078 12.
936 1036 1066 1078 schol.
1098 1036 1165 1078 71.
1195 1036 1262 1078 24.

595 1109 662 1152 74.
695 1109 762 1152 25.
1094 1108 1159 1149 75.
1191 1108 1258 1150 29.
1347 1107 1413 1150 76.
1447 1108 1515 1151 27.
1622 1109 1688 1150 78.
1723 1109 1786 1150 18.

569 1180 663 1224 138.
723 1182 758 1222 1.
826 1219 828 1221 ,
1066 1180 1160 1222 136.
1191 1181 1259 1222 23.
1321 1181 1414 1222 144.
1475 1181 1513 1222 3.
1595 1181 1686 1223 137.
1722 1182 1785 1222 14.

565 1254 660 1296 208.
695 1254 760 1294 18.
1063 1253 1158 1293 207.
1190 1253 1258 1294 32.

566 1325 660 1367 365.
719 1325 758 1366 4.
917 1329 920 1333 ’
1065 1324 1159 1367 366.
1194 1325 1258 1366 15.

286 1415 378 1457 Hoc
415 1419 551 1456 autem
591 1415 683 1456 loco
728 1424 863 1465 neque
901 1413 968 1454 illa
998 1413 1213 1464 explicatio
1244 1414 1283 1454 in
1314 1414 1373 1454 eis
1403 1414 1602 1455 invenitur
1630 1419 1670 1455 et
1698 1414 1968 1465 interpretatio
1998 1413 2124 1465 hujus
2154 1425 2302 1455 versus
2333 1414 2599 1456 desideratur.

150 1504 241 1546 Jam
277 1515 376 1545 vero
412 1508 458 1545 ut
495 1503 638 1554 paucis
679 1514 787 1554 quae
823 1503 876 1543 sit
912 1502 1040 1562 huJus
1078 1501 1365 1553 disputationis
1402 1513 1561 1543 summa
1602 1504 1997 1554 comprehendamus
2035 1516 2127 1545 cum
2166 1505 2410 1555 saepissime
2443 1505 2600 1545 Plutar-

149 1595 274 1636 chum
294 1595 482 1635 Proclum
511 1594 702 1644 antiquos
732 1593 1016 1642 grammaticos
1037 1593 1186 1632 Tzetza
1215 1593 1309 1632 citet
1336 1598 1496 1643 praeter
1525 1593 1631 1634 duos
1661 1595 1754 1634 illos
1783 1596 1901 1635 locos
1932 1606 2040 1646 quae
2059 1594 2178 1634 affert
2197 1595 2235 1634 in
2256 1596 2409 1635 nostris
2429 1595 2600 1636 scholiis

151 1685 408 1725 inveniuntur
445 1689 489 1723 ut
524 1683 580 1722 illi
617 1683 696 1733 ipsi
732 1683 861 1732 magis
898 1693 1000 1722 casu
1036 1683 1174 1732 aliquo
1205 1682 1410 1721 excidisse
1442 1676 1651 1723 videantur
1680 1694 1803 1733 quam
1835 1689 1879 1722 ut
1908 1658 2145 1734 argumento
2178 1694 2275 1723 esse
2305 1685 2467 1734 possint
2502 1684 2601 1724 illud

150 1773 403 1814 scholiorum
434 1773 693 1822 antiquorum
724 1783 875 1822 corpus
906 1782 989 1821 quo
1019 1772 1164 1810 Tzetza
1194 1781 1298 1810 usus
1330 1771 1382 1810 sit
1410 1773 1584 1821 amplius
1615 1772 1892 1822 integriusque
1921 1778 2063 1812 nostro
2094 1773 2235 1812 fuisse.

287 1861 444 1911 Quibus
480 1861 679 1911 expositis
720 1860 772 1899 ad
811 1859 1071 1900 Plutarchum
1108 1859 1288 1899 redimus
1324 1859 1533 1908 quomodo
1570 1865 1697 1899 artem
1737 1861 1913 1900 criticam
1952 1862 1991 1900 in
2032 1861 2203 1901 Hesiodi
2242 1861 2377 1912 Opera
2418 1861 2603 1900 factitarit

151 1941 407 2002 explicaturi.-
452 1952 517 1990 Ac
544 1950 719 2001 primum
749 1951 1076 2000 quotiescunque
1105 1948 1196 1998 ejus
1227 1948 1353 1987 verba
1382 1948 1606 1987 afferuntur
1634 1959 1686 1988 ue
1714 1961 1796 1989 uno
1827 1950 1992 2000 quidem
2023 1951 2116 1990 loco
2149 1962 2237 1990 eam
2269 1956 2397 1990 artem
2425 1951 2601 1990 criticam

153 2045 317 2081 exercet
345 2051 454 2091 quae
482 2040 520 2079 in
551 2040 800 2090 singularum
832 2049 982 2079 vocum
1012 2039 1252 2088 corruptelis
1284 2038 1547 2078 emendandis
1575 2043 1783 2078 versatur:
1816 2045 1998 2079 errarunt
2024 2041 2130 2080 enim
2151 2042 2221 2092 qui
2243 2041 2303 2080 sic
2325 2040 2455 2080 Procli
2475 2039 2602 2079 verba

151 2129 515 2181 interpretabantur
537 2125 602 2169 76.
621 2126 647 2169 7
671 2123 970 2178 ἀγκυλομήτης.
1008 2123 1129 2167 σ”υτω
1158 2125 1242 2177 γὰρ
1264 2102 1450 2176 ’γράφειν
1478 2131 1539 2167 δεῖ
1568 2126 1683 2167 καθὰ
1713 2130 1788 2167 καί
1819 2126 1841 2168 ὁ
1864 2126 2134 2178 Πλούταρχος
2163 2126 2263 2181 (non
2283 2125 2599 2180 ἆγκυλόμητις);

150 2220 305 2260 invenit
334 2214 627 2268 ἀγκυλομήτης
654 2218 823 2259 Procius
852 2218 892 2257 in
922 2229 1000 2258 suo
1021 2217 1248 2258 Plutarchei
1278 2219 1554 2258 commentarii
1585 2220 1806 2269 exemplari
1836 2220 2042 2270 scriptum.
2093 2219 2176 2261 Sed
2205 2219 2287 2260 hoc
2315 2219 2497 2269 inprimis
2522 2219 2604 2269 egit

152 2315 199 2349 ut
241 2315 404 2358 poetam
424 2296 427 2299 ,
449 2290 687 2358 popularem
733 2319 852 2346 suum
897 2320 921 2345 a
967 2307 1291 2346 cavillationibus
1336 2309 1687 2355 grammaticorum
1728 2308 2019 2358 rhetorumque
2065 2309 2309 2347 defenderet.
2348 2308 2479 2348 schol.
2521 2315 2601 2348 ant.

154 2410 193 2448 p.
222 2393 320 2436 237.
354 2394 409 2435 12
438 2394 593 2438 δόξειεν
622 2393 676 2433 α”ν
705 2392 856 2434 α”τοπος
884 2390 997 2433 εἰναι
1028 2393 1050 2432 ὃ
1081 2397 1234 2441 στίχος·
1262 2393 1428 2444 μήποτε,
1457 2399 1585 2445 φησίν
1615 2394 1637 2434 ὁ
1667 2395 1933 2445 Πλούταρχος
1961 2413 1995 2435 κ.
2027 2412 2057 2435 τ.
2089 2403 2124 2434 λ.
2172 2393 2268 2436 272.
2301 2393 2367 2444 16,
2399 2389 2532 2435 πολὺς
2559 2399 2604 2435 ἐν

122 2481 125 2483 ’
155 2483 315 2526 τούτοις
345 2483 367 2524 ὁ
388 2482 658 2539 Πλούταρχος
677 2481 932 2533 ἀμυνόμενος
960 2482 1057 2522 τούς
1083 2486 1293 2532 γελῶντας
1322 2482 1394 2523 τὸν
1429 2481 1622 2524 Ἠσίοδον
1650 2488 1721 2535 τῆς
1739 2488 2004 2534 μικρολογίας
2033 2488 2081 2525 cs.
2104 2486 2205 2527 Plut.
2236 2486 2288 2524 de
2310 2491 2439 2536 tranq.
2462 2497 2525 2525 an.
2547 2483 2603 2525 13

155 2576 227 2613 καὶ
264 2572 321 2623 μὴ
352 2571 425 2612 τὸν
452 2570 647 2611 Ἡσίοδον
677 2574 853 2620 ἐλέγχειν
883 2569 940 2610 ὦς
967 2574 1218 2620 ἐνδεέστερον
1245 2569 1440 2613 εἰπόντα·
1475 2577 1546 2612 καὶ
1575 2572 1771 2621 κεραμεύς
1798 2579 1963 2622 κεραμεῖ
1991 2589 2026 2611 u.
2047 2588 2079 2611 τ.
2100 2579 2136 2612 λ.
2168 2575 2219 2613 de
2249 2575 2317 2615 vit.
2345 2574 2441 2624 pud.
2462 2572 2492 2613 4
2511 2574 2603 2614 Vol.

156 2675 184 2703 x
217 2675 258 2714 p.
290 2659 373 2703 168
412 2663 521 2703 Hutt.
557 2658 620 2701 οὐ
659 2667 827 2711 γελοῖον
878 2657 966 2701 οὐν
1010 2659 1067 2701 ὣς
1102 2665 1211 2712 φασί
1247 2673 1347 2702 τινες
1383 2659 1479 2702 οὐδ’
1518 2659 1735 2713 ἀβέλτερον
1778 2661 1823 2701 τό
1863 2665 1939 2702 τοῦ
1971 2661 2166 2702 Ἠσιόδου
2201 2661 2290 2703 ετὸν
2327 2661 2503 2712 φιλέοντ’
2540 2667 2607 2704 ἐπὶ

275 2870 317 2914 15)
365 2873 515 2916 Apparet
536 2872 638 2916 igitur
659 2871 815 2905 Tzetzam
838 2873 885 2905 sic
908 2872 941 2905 h.
964 2872 987 2904 Ι,
1010 2872 1143 2915 legisse:

769 2937 853 2974 Καί
880 2949 920 2973 τε
949 2930 1006 2972 δι’
1039 2929 1141 2982 ἆιγα
1170 2931 1267 2984 ἄησι
1295 2932 1540 2983 τανύτριχα·
1571 2937 1683 2974 πωέα
1711 2931 1744 2973 δ’
1776 2933 1877 2974 ο”υτι

769 3003 909 3045 ο”υνεκ’
943 3009 1159 3055 ἐπηεταναὶ
1187 3009 1317 3055 τρίχες
1345 3003 1516 3045 αὐτῶν·
1547 3004 1608 3046 οὐ
1639 3006 1800 3058 διάησιν

771 3083 808 3118 ἴς
836 3075 988 3125 ἀνέμου
1018 3082 1186 3128 Βορέου,
1215 3078 1421 3128 τροχαλὸν
1449 3082 1493 3118 δὲ
1520 3083 1695 3129 γέροντα
1724 3084 1895 3130 τίθησιν.

363 3163 531 3197 cfiTzeu.
555 3166 631 3197 313,
650 3166 691 3196 14
716 3151 786 3192 διὰ
814 3155 858 3192 δὲ
885 3154 969 3192 τῶν
998 3155 1141 3192 πωέων
1169 3155 1240 3192 καὶ
1269 3154 1370 3191 τῶν
1399 3151 1686 3204 προβάτων
1715 3151 1792 3193 οὐ
1823 3158 2064 3203 διαπνέει,
2094 3153 2157 3195 ὅτι
2186 3163 2365 3205 συνεχεῖς
2394 3155 2449 3195 αἰ
2477 3159 2608 3205 τρίχες

364 3221 537 3265 αὐτόν·
557 3221 680 3267 ,ἀλλὰ
717 3224 827 3277 (legas
861 3221 998 3265 τᾶλλα
1025 3223 1085 3273 δὲ)
1114 3222 1264 3276 διάησι,
1301 3223 1492 3276 δηλονότι
1527 3223 1687 3266 τούτων
1723 3224 1891 3267 πάντων
1930 3231 2187 3278 περιγίνεται,
2227 3227 2336 3279 πλὴν
2363 3231 2434 3279 τῆς
2463 3225 2607 3268 οἰκου-

367 3297 523 3348 ρούσης
551 3301 760 3347 παρθένου
791 3295 816 3347 ἦ
847 3300 924 3338 τοῦ
951 3300 1089 3348 βορρᾶ
1116 3295 1296 3346 δύναμις.
