2874 3736
957 409 1086 443 τοῖσιν
1113 398 1147 443 δ’
1179 399 1422 452 οὐρανόθεν
1448 399 1531 453 μέγ’
1562 401 1739 454 ἐπήλασε
1767 404 1881 453 πῆμα
1907 405 2095 452 Κρονίῳν

954 474 1076 524 λιμὸν
1104 474 1213 524 ὁμοῦ
1239 479 1310 515 καὶ
1340 473 1503 524 λοιμόν·
1542 472 1883 525 ἀποφθινύθουσι
1910 482 1953 516 δε
1980 479 2087 517 λαοί.

274 562 459 615 ἐπήγαγε
487 577 563 617 pro
593 563 771 616 ἐπήλασε
800 567 837 606 ll.
868 567 1037 607 Hesiodi
1068 566 1272 617 praebent.

407 652 503 697 256.
962 653 988 706 ἦ
1019 658 1061 696 δέ
1087 672 1136 705 γε
1164 657 1366 704 παρθένος
1396 658 1478 697 ἐστὶ

273 741 363 784 παῦ’
398 743 592 785 Ἠσίοδον
631 742 893 795 ἀδιάφθορος
930 742 1083 786 αἰδοῦς
1121 749 1191 785 καὶ
1229 743 1502 796 σωφροσύνης
1541 750 1611 787 καὶ
1651 743 1843 796 ἀφελείας
1884 747 1992 800 (Xyl.
2023 748 2147 800 Wyll.
2190 743 2391 798 ὠφελείας
2417 747 2476 798 ΙΙ.)
2513 747 2711 792 σύνοικος.

273 834 325 874 ad
356 836 479 886 princ.
511 836 664 875 inerud.
694 835 724 875 4
752 837 824 876 ΧΠ
855 849 892 888 p.
923 834 990 875 94.
2097 819 2102 824 ¹

408 922 493 965 276
523 936 580 966 SS.
622 921 754 965 οὐδὲν
791 921 878 965 οὐν
916 923 1140 974 φάρμακον
1177 922 1273 964 οὐδ’
1304 924 1416 974 ι”αμα
1452 929 1521 976 τῆς
1559 925 1633 965 τὸν
1668 930 1763 977 βίον
1793 924 2044 977 ἀναιρούσης
2074 924 2102 976 ἢ
2130 926 2205 979 τὴν
2243 926 2507 978 δικαιοσύνην
2536 925 2713 978 ἀπορίας

272 1009 405 1053 οὐδὲν
433 1011 577 1064 ἔχομεν
605 1012 660 1053 ἂν
687 1014 742 1066 μὴ
770 1014 843 1054 τὸν
871 1012 1048 1064 ἀρχαῖον
1078 1012 1178 1063 ὅρον
1207 1020 1277 1055 καὶ
1306 1013 1434 1063 νόμον
1462 1015 1734 1065 φυλάττωμεν
1763 1012 1797 1069 ᾦ
1827 1013 1920 1055 καθ’
1947 1015 2140 1056 Ἡσίοδον
2170 1016 2192 1056 ὁ
2223 1017 2294 1057 τὰς
2313 1016 2455 1067 φύσεις
2474 1017 2620 1060 διελών
2637 1022 2708 1060 καὶ

272 1107 438 1154 θέμενος
467 1108 553 1160 ἰδίᾳ
581 1108 666 1146 τῶν
694 1109 827 1155 γενῶν
856 1104 1048 1155 ἑκάτερον

954 1194 1095 1245 ἰχθύσι
1124 1200 1195 1243 μὲν
1223 1200 1293 1236 καὶ
1322 1201 1447 1247 θηρσὶ
1476 1200 1547 1236 καὶ
1576 1193 1748 1237 οἰωνοῖς
1778 1204 1979 1246 πετεηνοῖς

953 1267 1087 1309 ἔσθειν
1117 1267 1326 1320 ἀλλήλους
1355 1273 1437 1310 ἐπεὶ
1467 1267 1528 1309 οὐ
1558 1273 1651 1320 δίκη
1681 1274 1763 1311 ἐστὶ
1792 1267 1870 1318 μετ’
1901 1267 2071 1311 αὐτοῖς·

951 1339 1211 1392 ἀνθρώποισι
1239 1339 1271 1382 δ’
1304 1341 1428 1383 ἔδωκε
1457 1346 1584 1393 δίκην.

272 1434 378 1470 ἐστιν
407 1435 451 1471 ἐν
480 1429 632 1472 αὐτοῖς
660 1435 698 1472 ll.
730 1434 923 1473 Hesiodei
953 1434 1156 1484 praebent.

406 1520 502 1565 299.
534 1526 645 1576 prius
676 1525 974 1565 hemistichium
1006 1526 1041 1564 in
1070 1524 1285 1576 Chrysippi
1320 1525 1454 1565 verbis
1484 1526 1626 1576 legitur
1655 1538 1677 1565 a
1708 1526 1921 1567 Plutarcho
1953 1527 2082 1567 allatis
2112 1527 2163 1567 dc
2194 1529 2316 1576 Stoic,
2346 1539 2511 1579 repugn.
2542 1525 2597 1570 30
2617 1528 2709 1571 xm

272 1626 309 1664 p.
341 1610 423 1654 379
457 1609 523 1654 ὅτε
551 1616 594 1655 δὲ
624 1617 903 1664 παραθέμενος
932 1612 983 1655 τὰ
1012 1616 1088 1655 τοῦ
1111 1612 1306 1655 Ἠσίοδου

818 1679 821 1681 Β
950 1703 1124 1756 ἐργάξευ
1153 1708 1298 1755 Πέρση,
1330 1711 1420 1746 δῖον
1447 1709 1563 1756 γένος

270 1793 575 1847 ἐπιπεφώνηκεν
606 1792 667 1836 ὅτι
697 1793 895 1836 τάναντία
926 1804 1139 1846 παραινεῖν
1167 1794 1341 1845 μανικόν
1371 1800 1451 1836 ἐστι
1481 1795 1526 1836 τὸ
1556 1795 1609 1846 μὴ
1641 1795 1820 1846 ἑργάἃου
1850 1801 1983 1848 Πέρση
2012 1802 2103 1837 δῖον
2130 1800 2256 1847 γένος.
2843 1793 2848 1829 5

407 1884 489 1927 309
521 1899 578 1928 ss.
611 1900 743 1940 comp.
775 1890 897 1929 Arist.
930 1894 969 1927 ct
999 1888 1080 1928 Cal.
1112 1886 1137 1927 3
1169 1888 1417 1937 significavit.

405 1976 499 2019 311.
531 1982 575 2018 ἐν
603 1982 646 2018 δὲ
675 1986 759 2018 τοῖς
788 1977 875 2018 τότε
904 1976 1066 2028 χρόνοις
1096 1974 1189 2016 καθ’
1214 1975 1409 2016 ἻΙσιόδον
1439 1974 1597 2025 ἔργον
1627 1974 1776 2016 οὐδὲν
1805 1973 1856 2026 ἦν
1886 1974 2094 2017 ὄνειδος
2123 1979 2206 2018 Sol.
2237 1975 2276 2018 2.

406 2066 500 2109 313.
949 2070 1123 2121 Πλουτῷ
1151 2065 1183 2106 δ’
1215 2065 1337 2116 ἀρετὴ
1366 2070 1437 2105 καὶ
1465 2068 1589 2105 κῦδος
1620 2063 1770 2116 ὀπηδεῖ.

1381 2141 1431 2180 dc
1462 2140 1553 2180 aud.
1587 2145 1692 2191 poet.
1724 2139 1760 2180 5.
1796 2142 1864 2180 Vll
1895 2153 1930 2192 p.
1963 2137 2029 2180 91.

404 2231 497 2274 342.
531 2229 591 2273 οὐ
622 2239 787 2282 γελοῖον
817 2227 905 2272 οὐν
935 2227 991 2271 ὥς
1019 2234 1126 2280 φασί
1153 2243 1252 2271 τινες
1282 2227 1379 2269 οὐδ’
1410 2226 1638 2280 α’βὲλτερον
1668 2227 1779 2271 ἀλλὰ
1809 2229 1944 2280 σόφον
1973 2229 2018 2270 τό
2049 2233 2125 2270 τοῦ
2165 2233 2368 2271 Ησίοδου·

947 2320 1018 2361 τὸν
1046 2316 1218 2370 φιλέοντ’
1251 2323 1314 2360 ἐπὶ
1343 2324 1464 2360 δαῖτα
1494 2326 1648 2368 καλεῖν,
1678 2335 1749 2360 τον
1778 2316 1811 2361 δ’
1842 2319 1994 2371 ἐχθρὸν
2021 2323 2148 2362 εᾰσαι.

264 2415 319 2466 μὴ
349 2416 548 2454 δυσωποῦ
576 2412 647 2452 τὸν
675 2415 874 2461 μισοῦντα
904 2408 991 2461 μηδ’
1022 2409 1226 2461 ὑπέκβαλε
1256 2413 1505 2461 (corruptum
1538 2418 1600 2451 cst
1628 2424 1662 2451 v,
1696 2418 1777 2452 nol.
1800 2412 1881 2452 crit.
1913 2424 1949 2451 a.
1973 2411 2015 2461 l.)
2046 2408 2243 2452 πιστεύειν
2271 2413 2485 2453 δοκοῦντα.
2515 2410 2706 2464 κληθήσῃ

265 2504 349 2555 γὰρ
380 2506 555 2543 καλέσας
584 2506 654 2542 καὶ
683 2499 903 2551 δειπνήσεις
933 2499 986 2541 ἄν
1015 2504 1229 2550 δειπνίσῃς,
1259 2496 1393 2549 ὥσπερ
1419 2499 1564 2550 βαφὴν
1593 2499 1665 2550 τὴν
1687 2498 1984 2549 φυλάττουσαν
2005 2498 2196 2541 ἀπιστίαν
2214 2507 2500 2549 μαλαχθεῖσαν
2519 2499 2704 2553 αἰσχύνῃ

265 2596 479 2644 προέμενος
508 2594 560 2634 de
591 2594 658 2635 vit.
690 2593 783 2645 pud.
814 2591 842 2632 4
872 2593 909 2632 X
940 2605 976 2643 p.
1010 2587 1101 2633 168.
1153 2592 1246 2631 Veri
1279 2592 1521 2631 simillimum
1553 2597 1615 2630 cst
1655 2593 1691 2630 in
1722 2592 2009 2632 commentario
2040 2603 2208 2643 quoque
2237 2598 2401 2643 poetam
2435 2604 2461 2632 a
2488 2593 2706 2634 Plutarcho

264 2692 405 2726 contra
435 2685 711 2724 cavillationes
752 2684 921 2723 aliorum
957 2683 1168 2723 defensum
1201 2694 1295 2722 csse
1327 2688 1365 2721 ct
1395 2683 1593 2732 egregiam
1626 2682 1946 2732 prudentemque
1977 2684 2081 2722 illam
2114 2684 2351 2723 sententiam
2381 2693 2477 2723 esse
2506 2684 2704 2734 exemplis

264 2787 358 2817 eum
379 2774 623 2827 probavisse
644 2780 687 2814 ut
708 2774 825 2813 eliani
847 2773 968 2813 allato
992 2773 1082 2813 loco
1106 2773 1165 2811 cis
1187 2782 1294 2823 quac
1317 2772 1562 2823 praecedunt
1583 2772 1719 2811 docuit
1739 2772 1776 2809 in
1800 2772 1898 2822 ipsis
1921 2774 2118 2812 conviviis
2140 2784 2265 2824 saepe
2286 2773 2452 2812 insidias
2473 2784 2498 2812 a
2518 2773 2705 2813 scelestis

261 2867 496 2908 hominibus
528 2870 704 2906 structas
734 2875 841 2904 csse.
893 2864 942 2904 Et
972 2875 1063 2904 cum
1094 2862 1202 2902 haud
1236 2873 1325 2902 raro
1357 2873 1403 2902 sc
1435 2863 1566 2913 ipsum
1598 2861 1858 2914 descripserit
1887 2864 2066 2915 proclive
2097 2868 2160 2904 est
2190 2864 2401 2916 suspicatu
2430 2863 2538 2904 hunc
2568 2864 2704 2903 locum

262 2958 299 2998 si
338 2969 418 2997 non
459 2957 695 2995 translatum
725 2956 974 2996 ntcolorcni
1008 2960 1116 2995 corte
1148 2955 1322 2994 traxisse
1352 2964 1403 2993 ex
1435 2954 1732 2993 commentario,
1794 2954 1834 2994 ln
1866 2954 2023 2995 scholio
2054 2955 2220 3006 antiquo
2247 2967 2287 2996 a.
2320 2956 2343 2995 l.
2375 2955 2427 2995 nil
2458 2954 2562 2994 inest
2590 2953 2702 3007 quod

251 3047 518 3089 >Plutarchum
552 3047 706 3096 prodat.

398 3134 493 3176 348.
525 3131 552 3175 ὅ
579 3152 619 3175 τε
646 3134 731 3185 γὰρ
755 3134 945 3174 ἽΙσιόδος
973 3131 1107 3174 εἰπών

942 3220 1038 3263 οὐδ’
1069 3221 1124 3263 ἂν
1152 3225 1255 3273 βοῦς
1284 3219 1464 3262 ἀπόλοιτ’
1495 3220 1539 3261 εἰ
1567 3225 1624 3273 μῆ
1650 3226 1798 3272 γείτων
1827 3223 1957 3263 κακὸς
1985 3221 2067 3274 εἰη.

258 3319 331 3358 καὶ
360 3319 449 3367 περὶ
478 3314 602 3356 κυνὸς
631 3312 744 3356 αὐτὸ
774 3318 845 3355 καὶ
875 3317 963 3365 περὶ
993 3311 1094 3355 ὄνου
1124 3316 1230 3364 λέγει
1259 3316 1330 3353 καὶ
1361 3315 1451 3362 περὶ
1482 3310 1649 3353 πάντων
1681 3311 1831 3362 ὁμοίως
1861 3317 1944 3353 τῶν
1973 3310 2202 3354 ἀπολέσθαι
2231 3317 2479 3364 δυναμένων.
2524 3315 2576 3363 de
2605 3313 2699 3355 aud.
